<?xml version="1.0" encoding="UTF-8"?><collection xmlns="http://www.loc.gov/MARC21/slim"><record><leader>00507nam--2200181-u-4500</leader><controlfield tag="001">000055440</controlfield><controlfield tag="002">20161230</controlfield><controlfield tag="005">20170106180005</controlfield><controlfield tag="008">130208s1000------------r-----000-0-eng-d</controlfield><datafield ind1=" " ind2=" " tag="040"><subfield code="a">IFIN-HH</subfield></datafield><datafield ind1=" " ind2=" " tag="080"><subfield code="a">413.232=S=M</subfield></datafield><datafield ind1="1" ind2=" " tag="100"><subfield code="a">Oldal, G©♭za</subfield></datafield><datafield ind1="1" ind2="0" tag="245"><subfield code="a">Karmannii russko-vengerskii slovari</subfield><subfield code="b">Orosz-magyar zsebsz©đt©Łr</subfield><subfield code="c">Oldal G©♭za, Geiger B©♭la</subfield></datafield><datafield ind1=" " ind2=" " tag="260"><subfield code="a">Moskva</subfield><subfield code="b">Sovetskaia Entiklopedia</subfield><subfield code="c">1964</subfield></datafield><datafield ind1=" " ind2=" " tag="300"><subfield code="a">367 p</subfield></datafield><datafield ind1="1" ind2=" " tag="700"><subfield code="a">Geiger, B©♭la</subfield></datafield><datafield ind1=" " ind2=" " tag="852"><subfield code="a">D.312</subfield><subfield code="c">SLG</subfield></datafield><datafield ind1=" " ind2=" " tag="CAT"><subfield code="a">SYS</subfield><subfield code="c">20170106</subfield><subfield code="h">180005</subfield></datafield></record></collection>